@MISC{ngram,
	HOWPUBLISHED = "\url{https://en.wikipedia.org/wiki/N-gram}",
	TITLE = "N-gram",
	AUTHOR = "Wikipedia the free encyclopedia",
	NOTE = "Accessed in 25/06/2019"
}

@MISC{corpus,
	HOWPUBLISHED = "\url{https://pt.wikipedia.org/wiki//Corpus_linguístico}",
	TITLE = "Corpus linguístico",
	AUTHOR = "Wikipédia a enciclopédia livre.",
	NOTE = "Accessed in 25/06/2019"
}

@MISC{jornal,
	HOWPUBLISHED = "\url{http://comet.fflch.usp.br/corporaportugues}",
	TITLE = " Corpora de Português ",
	AUTHOR = "COMET",
	NOTE = "Accessed in 25/06/2019"
}